@misc{souza2022novel,
      title={A Novel Open Set Energy-based Flow Classifier for Network Intrusion Detection}, 
      author={Manuela M. C. Souza and Camila Pontes and Joao Gondim and Luis P. F. Garcia and Luiz DaSilva and Marcelo A. Marotta},
      year={2022},
      eprint={2109.11224},
      archivePrefix={arXiv},
      primaryClass={cs.CR}
}

@ARTICLE{9415676,
  author={Pontes, Camila F. T. and de Souza, Manuela M. C. and Gondim, Jo√£o J. C. and Bishop, Matt and Marotta, Marcelo Antonio},
  journal={IEEE Transactions on Network and Service Management}, 
  title={A New Method for Flow-Based Network Intrusion Detection Using the Inverse Potts Model}, 
  year={2021},
  volume={18},
  number={2},
  pages={1125-1136},
  doi={10.1109/TNSM.2021.3075503}
  }
